@MISC{exercise,
author={National Health Service},
title={Health Survey for England},
pages={10},
year={2006},
howpublished={\url{https://catalogue.ic.nhs.uk/publications/public-health/surveys/heal-surv-cvd-risk-obes-ad-ch-eng-2006/heal-surv-cvd-risk-obes-ad-ch-eng-2006-rep-v3.pdf}}
}
@MISC{govsurvey,
author={Department of Health},
title={Start Active, Stay Active},
pages={7},
year={2011},
howpublished={\url{https://www.gov.uk/government/uploads/system/uploads/attachment_data/file/216370/dh_128210.pdf}}
}
@MISC{amsurvey,
author={Garmin},
title={Webstore for GPS exercise devices},
pages={2},
year={2012},
howpublished={\url{http://www.health.gov/paguidelines/midcourse/pag-mid-course-report-final.pdf}}
}
@MISC{garmin,
author={Garmin},
title={Webstore for GPS exercise devices},
howpublished={\url{https://buy.garmin.com/en-GB/GB/cIntoSports-p1.html}}
}
@MISC{fitbit,
author={fitbit},
title={Comparison of pedometer style exercise devices},
howpublished={\url{http://www.fitbit.com/uk/comparison/trackers}}
}