@MISC{exercise,
author={National Health Service},
title={Health Survey for England},
pages={10},
year={2006},
howpublished={\url{https://catalogue.ic.nhs.uk/publications/public-health/surveys/heal-surv-cvd-risk-obes-ad-ch-eng-2006/heal-surv-cvd-risk-obes-ad-ch-eng-2006-rep-v3.pdf}}
}
@MISC{govsurvey,
author={UK Department of Health},
title={Start Active, Stay Active},
pages={7},
year={2011},
howpublished={\url{https://www.gov.uk/government/uploads/system/uploads/attachment_data/file/216370/dh_128210.pdf}}
}
@MISC{amsurvey,
author={US Department of Health},
title={Webstore for GPS exercise devices},
pages={2},
year={2012},
howpublished={\url{http://www.health.gov/paguidelines/midcourse/pag-mid-course-report-final.pdf}}
}
@MISC{garmin,
author={Garmin},
title={Webstore for GPS exercise devices},
howpublished={\url{https://buy.garmin.com/en-GB/GB/cIntoSports-p1.html}}
}
@MISC{fitbit,
author={fitbit},
title={Comparison of pedometer style exercise devices},
howpublished={\url{http://www.fitbit.com/uk/comparison/trackers}}
}
@MISC{phones_gartner,
author={Gartner},
title={Gartner Says Smartphone Sales Grew 46.5 Percent in Second Quarter of 2013 and Exceeded Feature Phone Sales for First Time},
howpublished={\url{http://www.gartner.com/newsroom/id/2573415}}
}
@MISC{phones_guardian,
author={The Guardian},
title={Smartphone sales to hit 1bn a year for first time in 2013},
howpublished={\url{http://www.theguardian.com/business/2013/jan/06/smartphone-sales-1bn-2013}}
}
@MISC{lifefitness,
author={Life Fitness},
title={2012 Fitness and Technology Survey},
howpublished={\url{http://www.lifefitness.co.uk/Survey}}
}
@MISC{charitymiles,
author={Charity Miles},
title={Charity Miles Homepage},
howpublished={\url{http://www.charitymiles.org}}
}
@MISC{charitymiles_terms,
author={Charity Miles},
title={Charity Miles terms and conditions},
howpublished={\url{http://www.charitymiles.org/terms.html}},
note={Section 1 "How it works"}
}
@MISC{app_store_link,
author={Ryan Wells},
title={Google Play Store entry for "Urban Explorer", the app created for this project},
howpublished={\url{https://play.google.com/store/apps/details?id=com.phonegap.urbanexplorer}}
}
@MISC{django,
author={Django Software Foundation},
title={django Web Framework},
howpublished={\url{https://www.djangoproject.com/}}
}
@MISC{tastypie,
author={Daniel Lindsley},
title={django-tastypie library},
howpublished={\url{https://github.com/toastdriven/django-tastypie}}
}
@ARTICLE{academic_gamification,
author={Mithun Sridharan, Aditya Hrishikesh, Lena Sunali Raj},
title={An Academic Analysis of Gamification},
journal={UX magazine},
year={2008}
}
